<record><leader>00000cas a22000007a 4500</leader><controlfield tag="001">9806894</controlfield><controlfield tag="008">830812d187u1883nyuwr ne      0    0eng d</controlfield><datafield ind1=" " ind2=" " tag="010"><subfield code="a">sn 83031168 </subfield></datafield><datafield ind1=" " ind2=" " tag="040"><subfield code="a">NPU</subfield><subfield code="b">eng</subfield><subfield code="c">NPU</subfield><subfield code="d">DLC</subfield><subfield code="d">NPX</subfield><subfield code="d">NYS</subfield><subfield code="d">OCLCQ</subfield></datafield><datafield ind1=" " ind2=" " tag="042"><subfield code="a">msc</subfield></datafield><datafield ind1="0" ind2="0" tag="050"><subfield code="a">Newspaper 8829-X</subfield></datafield><datafield ind1="0" ind2=" " tag="130"><subfield code="a">Courier (Kingston, N.Y.)</subfield></datafield><datafield ind1="1" ind2="4" tag="245"><subfield code="a">The courier.</subfield></datafield><datafield ind1=" " ind2=" " tag="260"><subfield code="a">Kingston, N.Y. :</subfield><subfield code="b">W.H. &amp; J.C. Romeyn</subfield></datafield><datafield ind1=" " ind2=" " tag="300"><subfield code="a">v. ;</subfield><subfield code="c">71 cm.</subfield></datafield><datafield ind1=" " ind2=" " tag="310"><subfield code="a">Weekly</subfield></datafield><datafield ind1="1" ind2=" " tag="362"><subfield code="a">Ceased in 1883.</subfield><subfield code="z">Cf. Gregory, W. Amer. newspapers.</subfield></datafield><datafield ind1=" " ind2=" " tag="500"><subfield code="a">Publisher: Sarah M. Fowks, &lt;1880-1882&gt;.</subfield></datafield><datafield ind1=" " ind2=" " tag="500"><subfield code="a">"Republican."</subfield></datafield><datafield ind1=" " ind2=" " tag="588"><subfield code="a">Description based on: Vol. 26, no. 13 (Feb. 18, 1873).</subfield></datafield><datafield ind1=" " ind2="4" tag="651"><subfield code="a">Kingston (N.Y.)</subfield><subfield code="v">Newspapers.</subfield></datafield><datafield ind1=" " ind2=" " tag="752"><subfield code="a">United States</subfield><subfield code="b">New York</subfield><subfield code="c">Ulster</subfield><subfield code="d">Kingston.</subfield></datafield><datafield ind1="0" ind2="0" tag="780"><subfield code="t">Rondout courier</subfield><subfield code="w">(DLC)sn 83031961</subfield></datafield><datafield ind1="1" ind2=" " tag="029"><subfield code="a">AU@</subfield><subfield code="b">000020409295</subfield></datafield></record>